@inproceedings{Utrecht,
author={P. Hausmann and A. Dijkstra and W. Swierstra},
title={The Utrecht Agda Compiler},
year={2015},
}

@inproceedings{html_agda,
  title={Dependently Typed Web Client Applications - FRP in Agda in HTML5},
  author={A. Jeffrey},
  booktitle={PADL},
  year={2013}
}

@inproceedings{UHC,
  title={The Agda UHC Backend},
  author={P. Hausmann},
  year={2015}
}

@inproceedings{Epic,
  title={A totally Epic backend for Agda},
  author={D. Gustafsson and O. Fredriksson},
  year={2011}
}

@misc{agda_overview,
    author = {A. Bove and P. Dybjer and U. Norell},
    title = {A Brief Overview of Agda – A Functional Language with Dependent Types},
    year = {2009}
}

@inproceedings{depentantTypesAtWork,
  title={Dependent Types at Work},
  author={A. Bove and P. Dybjer},
  booktitle={LerNet ALFA Summer School},
  year={2008}
}

@inproceedings{agda_tutorial,
  title={Dependently Typed Programming in Agda},
  author={U. Norell},
  booktitle={Advanced Functional Programming},
  year={2008}
}
@book{agda_book,
author = {A. Stump},
title = {Verified Functional Programming in Agda},
year = {2016},
isbn = {9781970001273},
publisher = {Association for Computing Machinery and Morgan and Claypool}
}

@InProceedings{schematicApproach,
author={L. Zhaohui},
title={A unifying theory of dependent types: the schematic approach},
booktitle={Logical Foundations of Computer Science},
year={1992},
publisher={Springer Berlin Heidelberg},
pages={293-304}
}
@inproceedings{dependantTypes,
author = {H. Xi and F. Pfenning},
title = {Dependent Types in Practical Programming},
year = {1999},
booktitle = {Proceedings of the 26th ACM SIGPLAN-SIGACT Symposium on Principles of Programming Languages},
pages = {214–227}
}
@book{idris,
  author  = {B. Sitnikovski},
  title = {Gentle Introduction to Dependent Types with Idris},
  publisher = {Amazon/KDP},
  year = {2018}
}
@InCollection{intuitionistic,
	author       =	{P. Dybjer and E. Palmgren},
	title        =	{Intuitionistic Type Theory},
	howpublished =	{\url{https://plato.stanford.edu/archives/sum2020/entries/type-theory-intuitionistic/}},
	year         =	{2020},
	publisher    =	{Metaphysics Research Lab, Stanford University}
}
@book{programmingTypeTheory,
author = {B. Nordström and K. Petersson and J. M. Smith},
title = {Programming in Martin-Löf's Type Theory: An Introduction},
year = {1990},
publisher = {Clarendon Press}
}
@misc{coq,
  author       = {G. Huet and G. Kahn and C. P. Mohring},
  title        = {The Coq Proof Assistant A Tutorial},
  year         = {2013}
}
@misc{haskell,
  author       = {M. Lipovača},
  title        = {Learn You a Haskell for Great Good!},
  year         = {2011}
}
@misc{Go,
  author       = {E. Westrup and F. Pettersson},
  title        = {Using the Go Programming Language in Practice},
  year         = {2014}
}
@article{compilerCorrectness,
author = {D. Patterson and A. Ahmed},
title = {The next 700 Compiler Correctness Theorems (Functional Pearl)},
year = {2019},
publisher = {Association for Computing Machinery},
journal = {Proc. ACM Program. Lang.},
}


@inproceedings{agdaInitial,
  title={Towards a practical programming language based on dependent type theory},
  author={U. Norell},
  year={2007}
}
@misc{AgdaWeb,
  author       = {U. Norell and A. Abel and N. A. Danielsson and M. Takeyama and C. Coquand},
  title        = {Agda readthedocs puslapis},
  url          = {https://agda.readthedocs.io/en/v2.6.1.1/overview.html}
}
@Book{foundations,
    author = {P. Wadler and W. Kokke and J. G. Siek},
    title  = {Programming Language Foundations in {A}gda},
    year   = {2020},
    month  = jul,
    url    = {http://plfa.inf.ed.ac.uk/20.07/},
}

